
@book{Arora.2009,
 author = {Arora, Sanjeev and Barak, Boaz},
 year = {2009},
 title = {Computational Complexity: A Modern Approach},
 edition = {1st},
 publisher = {{Cambridge University Press}},
 isbn = {0521424267},
 institution = {{Princeton University}}
}


@misc{CookStephenA..1971,
 author = {{Cook, Stephen, A.}},
 date = {1971},
 title = {The Complexity of Theorem-Proving Procedures},
 publisher = {{Association for Computing Machinery}}
}


@article{Daskalakis.2013,
 author = {Daskalakis, Constantinos},
 year = {2013},
 title = {On the Complexity of Approximating a Nash Equilibrium},
 pages = {1--33},
 volume = {9},
 number = {3},
 journal = {ACM Transactions on Algorithms}
}


@article{Daskalakis.2009,
 author = {Daskalakis, Constantinos and {Goldberg, Paul, W.} and {Papadimitriou, Christos, H.}},
 year = {2009},
 title = {The Complexity of Computing a Nash Equilibrium},
 volume = {39},
 number = {1},
 pages = {195--259},
 journal = {SIAM Journal on Computing},
 publisher = {SIAM}
}


@article{Daskalakis.2015,
 author = {Daskalakis, Constantinos and {Papadimitriou, Christos, H.}},
 year = {2015},
 title = {Approximate Nash Equilibria in Anonymous Games},
 pages = {207--245},
 volume = {156},
 journal = {Journal of Economic Theory}
}


@article{Fabrikant.2004,
 author = {Fabrikant, Alex and {Papadimitriou, Christos, H.} and Talwar, Kunal},
 year = {2004},
 title = {The Complexity of Pure Nash Equilibria},
 booktitle = {Proceedings of the thirty-sixth annual ACM symposium on Theory of computing},
 pages={604--612}
}


@article{Fotakis.2005,
 author = {Fotakis, Dimitris and Kontogiannis, Spyros and Spirakis, Paul},
 year = {2005},
 title = {Selfish unsplittable flows},
 pages = {226--239},
 volume = {348},
 number = {2},
 journal = {Theoretical Computer Science}
}


@article{HansenKristofferArnsfelt.2018,
 author = {{Hansen, Kristoffer, Arnsfelt} and {Lund, Troels, Bjerre}},
 year = {2018},
 title = {Computational Complexity of Proper Equilibrium},
 journal = {Conference on Economics and Computation}
}


@article{MyersonR.B..1978,
 author = {{Myerson, R., B.}},
 year = {1978},
 title = {Refinements of the Nash equilibrium concept},
 pages = {73--80},
 volume = {International Journal of Game Theory}
}


@article{NashJohnF..1950,
 author = {{Nash, John, F.}},
 year = {1950},
 title = {Equilibrium points in n-person games},
 pages = {48--49},
 volume = {36},
 journal = {Proceddings of National Academy of Sciences of the United States of America}
}


@book{OsborneMartinJ..2011,
 author = {{Osborne, Martin, J.} and Rubinstein, Ariel},
 year = {2011},
 title = {A Course in Game Theory},
 address = {Cambridge, Massachusetts},
 publisher = {{The MIT Press}},
 isbn = {0-262-15041-7}
}


@book{Wigderson.2019,
 author = {Wigderson, Avi},
 year = {2019},
 title = {Mathematics and Computation: Ideas Revolutionizing Technology and Science},
 publisher = {{Princeton University}},
 isbn = {978-0-691-18913-0}
}


@inproceedings{rubinstein2016settling,
  title={Settling the complexity of computing approximate two-player Nash equilibria},
  author={Rubinstein, Aviad},
  booktitle={2016 IEEE 57th Annual Symposium on Foundations of Computer Science (FOCS)},
  pages={258--265},
  year={2016},
  organization={IEEE}
}


@article{monderer1996potential,
  title={Potential games},
  author={Monderer, Dov and Shapley, Lloyd S},
  journal={Games and economic behavior},
  volume={14},
  number={1},
  pages={124--143},
  year={1996},
  publisher={Elsevier}
}


@article{rosenthal1973class,
  title={A class of games possessing pure-strategy Nash equilibria},
  author={Rosenthal, Robert W},
  journal={International Journal of Game Theory},
  volume={2},
  number={1},
  pages={65--67},
  year={1973},
  publisher={Springer}
}

@misc{friedman_learning_nodate,
	title = {Learning and {Implementation} on the {Internet}},
	year = {1998},
	author = {Friedman, Eric J},
	pages = {31}
}

@article{braess_paradox_2005,
	title = {On a {Paradox} of {Traffic} {Planning}},
	volume = {39},
	issn = {0041-1655, 1526-5447},
	doi = {10.1287/trsc.1050.0127},
	language = {en},
	number = {4},
	journal = {Transportation Science},
	author = {Braess, Dietrich and Nagurney, Anna and Wakolbinger, Tina},
	month = nov,
	year = {2005},
	pages = {446--450}
}

@misc{beyond_nash,
	title = {Beyond {Nash} {Equilibrium}: {Solution} {Concepts} for the 21st {Century} {\textbar} {SpringerLink}},
	year = {2011},
	author = {Halpern, Joseph}
}

@incollection{nowe_game_2012,
	title = {Game {Theory} and {Multi}-agent {Reinforcement} {Learning}},
	isbn = {978-3-642-27645-3},
	booktitle = {Adaptation, {Learning}, and {Optimization}},
	author = {Nowe, Ann and Vrancx, Peter and De Hauwere, Yann-MichaÃ«l},
	month = jan,
	year = {2012},
	doi = {10.1007/978-3-642-27645-3_14},
	note = {Journal Abbreviation: Adaptation, Learning, and Optimization},
	pages = {30},
}

@article{lee_nash_2019,
	title = {A {Nash} equilibrium based decision-making method for internet of things},
	issn = {1868-5145},
	doi = {10.1007/s12652-019-01367-2},
	language = {en},
	journal = {Journal of Ambient Intelligence and Humanized Computing},
	author = {Lee, Euijong and Seo, Young-Duk and Kim, Young-Gab},
	month = jun,
	year = {2019},
}

@article{cohen_incentives_2003,
	title = {Incentives build robustness in {BitTorrent}},
	volume = {6},
	journal = {Workshop on Economics of PeertoPeer systems},
	author = {Cohen, Bram},
	month = jun,
	year = {2003},
}


@phdthesis{Borzechowski.19thSeptember2016,
 author = {Borzechowski, Michaela},
 year = {2016},
 title = {The Complexity Class Polynomial Local Search (PLS) and PLS-complete problem},
 address = {Berlin},
 publisher = {Freien Universitat Berlin}
}

@misc{PapadimitriouChristosH..,
 author = {{Papadimitriou, Christos, H.}},
 date = {1994},
 title = {On the Complexity of the Parity Argument and Other Inefficient Proofs of Existence},
 publisher = {{Journal of Computer and System Sciences}}
}

@article{local_search_complex,
author = {Schaffer, Alejandro and Yannakakis, Mihalis},
year = {1991},
month = {02},
pages = {56-87},
title = {Simple Local Search Problems That are Hard to Solve.},
volume = {20},
journal = {SIAM J. Comput.},
doi = {10.1137/0220004}
}

@book{alexrod,
author = {Axelrod, Robert M. and W. D. Hamilton},
year = {1984},
title = {The evolution of cooperation},
publisher = {Basic Books},
location = {New York}
}
